<?xml version="1.0" encoding="UTF-8"?><collection xmlns="http://www.loc.gov/MARC21/slim"><record><leader>00313nam--2200121-i-4500</leader><controlfield tag="001">000018168</controlfield><controlfield tag="002">20161230</controlfield><controlfield tag="005">20161230201032</controlfield><controlfield tag="008">060222s1000------------r-----000-0-eng-d</controlfield><datafield ind1=" " ind2=" " tag="080"><subfield code="a">06</subfield></datafield><datafield ind1=" " ind2=" " tag="245"><subfield code="a">Conseil national de recherches du canada. rapport annual.(1955-56)</subfield></datafield><datafield ind1=" " ind2=" " tag="260"><subfield code="a">Ottawa, C.N.R.C., 1954-</subfield></datafield><datafield ind1=" " ind2=" " tag="852"><subfield code="a">10987</subfield></datafield></record></collection>